@article{van1991guia,
  title={Gu{\'\i}a de aprendizaje de Python},
  author={Van Rossum, Guido and Drake Jr, Fred L},
  journal={Release},
  volume={2},
  year={1991}
}

@book{van2017tutorial,
  title={El tutorial de Python},
  author={Van Rossum, Guido and Drake Jr, Fred L},
  year={2017},
  publisher={Python Software Foundation}
}

@book{chun2001core,
  title={Core python programming},
  author={Chun, Wesley},
  volume={1},
  year={2001},
  publisher={Prentice Hall Professional}
}

@Electronic{https://www.revistas.una.ac.cr/index.php/mhsalud,
  address  = {PO Box: 86-3000, Heredia, Costa Rica, Benjamín Núñez Campus},
  author   = {Revista MHSalud, Universidad Nacional (e-issn: 1659-097X)},
  language = {es},
  title    = {Normas de Colaboración},
  url      = {https://www.revistas.una.ac.cr/index.php/mhsalud},
}

@Electronic{nature,
  author       = {Nature (Nature)},
  howpublished = {2022},
  language     = {en},
  organization = {Nature (Nature)},
  title        = {Formatting guide},
  url          = {https://www.nature.com/nature/for-authors/formatting-guide},
  year         = {2022},
}

@Electronic{PNAS,
  author       = {National Academy of Sciences},
  howpublished = {2022},
  language     = {en},
  organization = {PNAS},
  title        = {Submitting Your Manuscript},
  url          = {https://www.pnas.org/authors/submitting-your-manuscript},
  year         = {2022},
}

@Electronic{scielo,
  address      = {Ciudad Universitaria, Del. Coyoacán},
  author       = {UNAM},
  howpublished = {2022},
  language     = {español},
  organization = {UNAM},
  title        = {Guía para autores},
  url          = {http://www.scielo.org.mx/revistas/iit/einstruc.htm},
  year         = {2022},
}

@Comment{jabref-meta: databaseType:bibtex;}
